@misc{example,
  author = {Ingo LÃ¼tkebohle},
  title = {{BWorld Robot Control Software}},
  howpublished = "\url{http://aiweb.techfak.uni-bielefeld.de/content/bworld-robot-control-software/}",
  year = {2008}, 
  note = "[Online; accessed 19-July-2008]"
}

@misc{deeplearninggeneral,
  title = {{Deep Learning}},
  howpublished = "\url{https://en.wikipedia.org/wiki/Deep_learning}"
}

@misc{word2vec,
  author = {Tomas Mikolov},
  title = {{Distributed Representations of Words and Phrases and their Compositionality}},
  howpublished = "\url{https://papers.nips.cc/paper/5021-distributed-representations-of-words-and-phrases-and-their-compositionality.pdf}"
}

@misc{sttmachinelearning,
  author = {Li, Deng and Xiao, Li},
  title = {{Machine Learning Paradigms for Speech Recognition:An Overview}},
  howpublished = "\url{https://www.microsoft.com/en-us/research/wp-content/uploads/2016/02/tasl-deng-2244083-x_2.pdf}"
}

@misc{agenteinteligente,
  title = {{Agente Inteligente}},
  howpublished = "\url{https://it.wikipedia.org/wiki/Agente_intelligente}"
}
